1866 3260
230 233 303 308 '1'06
349 225 832 304 Peranrnceourx

235 350 273 422 di
295 372 415 423 munus
436 343 572 442 aliquod
590 342 626 415 in
650 345 716 420 iuis
741 346 892 445 nuptiis,

74 521 79 534 ,
235 446 356 548 quibus
366 443 515 523 Christus
525 439 697 534 interfuit,
722 444 888 516 architri-

132 611 135 616 Α
236 546 363 619 clinum
388 540 508 615 obiiffe
533 562 699 640 apparett
729 543 808 616 ebm
837 541 894 613 illi

186 697 190 702 -
235 667 356 716 auam
410 643 525 716 vinum
558 637 683 712 famam
713 638 891 712 Dominus

240 670 354 816 aiserri
376 739 505 836 jubear.
533 736 728 836 Speuacula
753 739 892 810 Rorna-

238 843 306 922 ni,
332 842 371 910 &
392 840 484 910 varia
509 857 696 908 acroamata
717 835 807 906 inter
834 858 891 906 ce·

237 937 385 1012 nandum
419 932 625 1008 adhibebant
648 939 673 1022 ,'
698 929 893 1032 odoresque

241 1035 360 1111 suaves
394 1030 626 1108 incendebant.
651 1027 739 1103 -Sed
778 1054 820 1102 ne
848 1055 891 1102 ue

206 1178 208 1182 ·
239 1133 364 1210 Christi
374 1131 538 1206 conviviis
557 1121 612 1198 sua
623 1121 812 1222 speuaeula
822 1055 890 1202 tina

149 1234 153 1239 ’
241 1250 452 1314 acroamata,
480 1222 685 1311 suiodores,
713 1226 891 1312 autmultb

240 1323 560 1424 etiamjocundiores
572 1320 761 1396 defuerunt.
779 1323 890 1421 Qrod

240 1429 330 1498 enim
356 1419 575 1521 spenacnlum
599 1417 696 1492 fuisse
731 1444 888 1519 putamus

241 1522 450 1597 eumcaeli&
465 1518 583 1592 mundi
606 1520 776 1594 Dominus
794 1521 889 1618 posi·

241 1625 287 1697 tis
307 1619 451 1694 vestibus
472 1667 484 1701 ‚
509 1644 548 1691 ac
568 1616 675 1690 linteo
691 1620 890 1718 praeimus

235 1723 277 1793 ‘in
296 1713 446 1793 servilem
458 1717 595 1788 modum
617 1714 658 1787 ad
668 1705 768 1814 pede}
783 1715 890 1816 pisca·

242 1840 379 1899 torum,
405 1838 504 1914 atque
526 1810 765 1911 discipulorum
795 1814 889 1911 deje-

243 1919 315 1990 E'rus
328 1964 340 1998 ‚
355 1912 653 1988 suiseosmanibus
666 1911 821 1996 abluere,
848 1915 888 1982 &

243 2017 374 2100 linteo,
399 2037 467 2109 quo
477 2033 547 2084 erat
563 2011 757 2112 praecinens
776 2032 886 2108 terge·

243 2137 281 2185 re
304 2110 486 2207 speciatum
506 2109 586 2181 est?
621 2116 689 2182 Aut
713 2112 805 2208 quod
825 2133 889 2180 un-

246 2227 347 2306 quam
359 2205 448 2277 aliud
459 2201 677 2373 sffestaculirm
694 2225 884 2279 rantotam·

245 2328 310 2402 que
319 2305 476 2375 immorta
491 2306 502 2374 i
516 2305 627 2400 potuit
637 2308 796 2380 convivas
805 2329 887 2406 gau·

244 2403 327 2484 dio,
343 2424 381 2474 ac
392 2400 564 2497 voluptate
576 2399 776 2497 perfundere
788 2410 802 2476 i
812 2407 885 2476 curn
925 2445 926 2486 r

243 2501 280 2574 id
291 2499 437 2583 fanum,
460 2499 659 2574 &immenfi
679 2503 824 2584 amoris,
848 2507 887 2576 &
923 2487 926 2528 ⁴

244 2622 411 2700 perpetua
436 2600 578 2675 Domini
596 2622 678 2704 erga
697 2626 754 2674 eos
774 2599 888 2677 volun.

166 2781 169 2786 ¹
243 2702 320 2774 tatis
350 2720 584 2799 argumentum
611 2697 740 2801 infigere
778 2699 884 2776 soret?

513 2841 520 2846 -
807 2802 883 2871 Cum
