1764 3254
78 191 532 290 ⁴Deaccesbimantiquorum.
599 205 671 282 407

9 316 167 388 minatim
189 312 322 410 semper
341 309 596 398 accumberent,
620 315 671 385 uti

10 434 141 485 certum
168 412 220 484 est
240 410 281 484 de
293 409 541 499 nobilioribus,
570 433 670 508 atqne

10 510 197 583 ditioribus
218 556 231 586 .
259 513 319 607 qui
334 511 475 608 privatas
487 507 581 580 domi
599 507 672 581 bal·

10 634 87 681 neas
97 608 277 681 habebant
292 606 444 703 tquando
455 609 618 679 Horatius
628 609 672 676 li-

10 707 60 778 bn
73 733 103 776 1.
125 711 234 779 Serm.
247 707 344 802 qui.
358 729 416 778 v1.
442 707 605 801 privatam
621 701 671 777 sui

10 802 112 900 ipsius
124 799 270 881 vivendi
300 805 464 872 rationem
488 823 672 898 exponens,

13 901 189 976 accubitus
211 899 338 971 nullam
356 901 560 970 mentionem
576 900 673 987 iecit,

14 1001 206 1098 &quando
219 998 390 1073 Martialis
400 1020 479 1080 eos,
500 1000 558 1093 qui
568 998 603 1068 in
611 993 676 1066 sel-⁴

16 1093 145 1173 inlatiis
175 1098 309 1174 vocatis
340 1095 490 1168 tabernis
521 1091 676 1166 comede·

16 1189 118 1285 bant,
133 1199 282 1270 minime
300 1191 519 1267 accubuiflefi
547 1191 674 1266 nificat.

17 1288 74 1361 ubi
89 1293 134 1365 de
152 1291 291 1388 Syrisco
304 1295 343 1382 in
359 1294 444 1365 hunc
459 1315 492 1364 m
541 1316 598 1364 um
620 1288 671 1363 lo-

20 1390 357 1481 quiturlibrovsxx.

65 1486 223 1578 Infufism
237 1485 559 1585 fibinuperltpatrono
601 1505 609 1524 ³
674 1495 677 1504 “

67 1583 231 1654 Plenum.
246 1585 395 1650 Maxime
406 1629 416 1654 ‚
426 1585 534 1650 centies
546 1583 679 1678 Syriscus

69 1685 114 1750 ln
118 1673 293 1771 sellariolis
304 1701 402 1774 vagus
409 1680 529 1774 popinis

74 1778 173 1846 Circa
186 1773 315 1856 balnea,
331 1796 466 1870 quatuor
471 1776 598 1872 peregit.

74 1877 107 1944 Ο
115 1891 239 1968 quanta
247 1869 367 1968 essgula
379 1869 652 1960 ,centiescomeffei

73 1965 656 2062 ,Quantomajoradhucnecaccubarei

30 2063 94 2134 Sed
109 2066 182 2137 esto
202 2066 294 2163 qnod
312 2064 573 2152 accumberent,
602 2060 682 2156 quin

32 2161 135 2234 etiam
156 2185 275 2236 omnes
295 2161 515 2256 lavaremus,
542 2159 683 2232 minime

33 2264 149 2357 negari
163 2261 284 2358 potest.
294 2266 370 2350 cnm
384 2264 437 2336 vel
447 2255 694 2354 rarisfimeaet

36 2365 215 2455 nuniquam
232 2356 274 2429 de
293 2359 446 2432 aceubitu
460 2357 548 2456 apud
569 2359 686 2430 anfio-

37 2473 89 2525 res
100 2456 230 2527 mentio
240 2454 399 2527 habeatur
410 2508 417 2539 ,
427 2459 507 2552 quin
520 2455 686 2522 lotionem

39 2571 173 2650 quoque
183 2552 296 2647 aliquo
305 2557 402 2648 pasto
413 2551 690 2642 nomInatiappa·

40 2667 135 2750 teat..
146 2653 200 2722 De
213 2647 354 2746 publicis
365 2647 491 2746 epulis,
511 2665 610 2742 atque
629 2665 690 2712 nu·

529 2738 687 2842 ptialibus
