1764 3254
131 125 574 224 Deaeceubr'euanriquorumr
620 139 692 222 431

15 268 88 318 tam
111 245 277 344 publicis
304 250 403 342 quint
418 246 555 346 privaris
566 241 694 343 semper

15 341 155 418 sedisse.
185 347 322 418 Veriam
341 343 515 441 postquam
527 347 561 414 in
580 345 693 440 Baby.

16 440 157 514 Ioniam
177 441 283 518 dueti
303 439 433 512 fuerunt
456 444 581 536 captivi
597 447 700 512 utto·'

17 563 89 638 que
107 537 225 612 modo
242 538 345 612 edere
366 535 630 623 consueverunt,
643 536 694 609 se·

18 661 79 708 nes
94 635 238 710 seilicet
261 633 411 711 ledentes
426 689 438 724 ,
451 639 589 735 juvenes
610 640 692 712 verb

18 735 303 816 accumbentes,
329 756 365 805 ut
392 757 466 805 rnos
490 757 562 806 etat
580 732 693 829 Baby.

18 831 127 906 loniae
142 881 155 916 ,
175 830 293 909 veluti
310 829 462 906 Rabbini
473 830 693 914 tradiderunt,

20 932 115 1029 apud
166 929 490 1028 uosetiamlegitut
502 923 694 1002 accubitum

22 957 696 1130 fietisblirum,velstragulissupratet-

26 1150 102 1202 tam
120 1125 294 1200 extensts.
308 1126 361 1202 vel
379 1125 544 1224 tapetibus
563 1124 698 1224 pretini.

26 1221 94 1302 sas,
124 1228 167 1298 &
194 1225 451 1322 pulvinaribus,
476 1227 578 1298 itaut
599 1219 696 1305 cobi-
720 1297 721 1302 ,

27 1325 72 1396 tis
100 1324 220 1394 innixi
250 1321 383 1396 firmum
417 1347 538 1422 corpus
561 1323 696 1396 univeta

28 1413 106 1488 sum
147 1416 352 1504 servarent3
388 1417 475 1488 saera
497 1439 605 1491 autem
630 1415 696 1492 suit

30 1511 167 1588 deinde
199 1509 286 1590 lert,
324 1534 361 1584 ut
385 1534 536 1610 ternpore
558 1509 697 1584 Pascha.

30 1614 79 1689 tis
100 1613 138 1682 in
169 1603 265 1680 durae
287 1605 346 1684 sub
371 1607 542 1684 Pharaone
559 1607 700 1685 servitu·

35 1713 118 1794 tis,
150 1701 429 1806 liberationisque
454 1730 699 1780 commemora·

35 1811 177 1880 tionem
193 1803 570 1904 quisqueaccumbeodo
586 1803 699 1903 epula.

39 1929 137 1978 retur
165 1951 178 1988 ,
206 1909 334 1978 caeteris
360 1905 441 1979 veto
472 1902 591 1976 diebus
615 1901 698 1973 lice.

41 2025 95 2076 tet
124 2005 316 2103 *unicuique
353 2022 454 2100 prout
494 2000 614 2076 liberet
650 1995 700 2072 se·

43 2097 195 2184 dendo,
237 2101 291 2178 vel
324 2097 555 2176 accumbendo
587 2121 701 2172 coena·

45 2222 103 2272 te:
129 2224 174 2274 ex
187 2223 269 2300 uqno
286 2219 377 2300 patet
394 2200 483 2372 efud
501 2195 700 2297 rudaeospa

48 2297 132 2370 titer
168 2297 362 2373 accubitum
390 2295 570 2400 goriosonr
594 2320 701 2392 quan·

50 2394 167 2489 doque
189 2393 283 2466 soille
299 2395 463 2467 habitum.
500 2399 608 2467 Porto
626 2417 721 2464 mo··

52 2485 115 2564 dus
129 2539 140 2572 ,
168 2517 237 2588 quo
264 2489 510 2586 Hierosolymis
536 2490 571 2556 in
588 2483 703 2558 secun·

5 2601 8 2608 ⁴
53 2583 98 2662 da
111 2589 217 2665 domo
233 2587 359 2662 scilieet
379 2587 453 2686 post
469 2583 705 2660 liberationem

661 2680 706 2755 ab
