1764 3254
182 207 254 304 41'8
311 210 442 280 Htt'n.
468 185 781 276 Mnucuttt'nuss

101 344 103 346 ’
181 325 319 408 Etenim
339 330 398 426 qui
409 346 517 422 nuper
527 321 568 393 ad
590 319 844 393 Athenaeume·

187 425 401 504 tuditissimas
421 416 718 494 animadversiones
751 417 845 491 baud

185 528 256 602 sine
265 521 493 622 magnilaude
503 517 651 588 inlunem
661 513 757 586 miste
776 519 846 585 Ca·

182 624 336 723 finanus
362 615 552 691 monstrasse
570 612 632 684 sibi
655 609 844 712 persuasit,

188 723 373 812 triclinium
381 707 653 790 interdumsuisse
662 731 842 812 acceptum

191 845 256 918 pto
267 813 341 917 ipso
358 811 574 891 habitaculo,
589 808 648 880 ubi
664 807 744 879 lesbi
762 807 843 880 siet·

190 916 375 1011 nebantut2
402 913 644 1010 proptereaque
672 904 842 978 naviam-

193 1045 235 1089 νον
257 1013 474 1096 &enuntiantur
501 1005 767 1090 subeuntium
790 1007 843 1076 in·

193 1116 302 1186 veniri
325 1112 521 1185 nominata,
546 1126 647 1200 prout
666 1099 844 1198 pauciores

191 1205 343 1306 pluresve
352 1197 642 1300 lesioncapiebau
655 1223 759 1296 neque
769 1197 844 1296 ipse

102 1371 106 1379 .
192 1304 231 1375 id
247 1303 358 1373 abnuo
369 1300 457 1397 apud
477 1300 610 1398 aliquos
621 1296 714 1370 fuine
724 1293 768 1368 fic
780 1320 843 1392 ap·

194 1400 355 1500 peilatum
366 1445 376 1475 ,
388 1398 443 1471 sed
461 1399 540 1494 quia
556 1400 593 1468 in
609 1393 671 1467 illo
689 1393 844 1467 Athenaei

195 1502 354 1574 conuiuio
365 1493 585 1594 unusquisque
599 1497 634 1565 iu
645 1491 791 1564 medium
804 1491 843 1563 id

196 1621 386 1696 proponere
402 1594 609 1677 conabatur,
626 1591 726 1688 quod
741 1586 843 1662 inste·

196 1698 581 1793 quentiuseratyatque
598 1687 745 1787 aliquam
756 1686 842 1760 scitu

195 1794 334 1892 dignam
347 1795 515 1866 raritatem
525 1785 690 1860 habebat:
718 1788 843 1860 iccitcu

198 1889 453 1964 existimandum
464 1888 511 1962 est
528 1882 613 1958 illud
624 1897 782 1982 perquam
792 1909 842 1956 ra·

197 2015 272 2061 runt
295 1987 459 2064 extitisse,
476 1993 514 2060 &
533 1983 714 2080 sicutiquae
725 2001 841 2080 genten

198 2088 367 2158 Romanis·
379 2083 585 2166 serviebant,
604 2098 740 2155 caetetos
753 2076 840 2178 ipso-

197 2206 272 2253 rum
287 2205 398 2254 mores
412 2180 646 2257 imitabantur,
657 2181 703 2250 ita
712 2180 840 2251 credere

188 2297 359 2375 oportet,
386 2280 425 2345 &
443 2281 478 2348 in
498 2274 727 2360 nominando,
747 2280 785 2350 &
806 2277 840 2346 in

200 2374 328 2447 utendo
357 2375 506 2448 triclinio
523 2375 672 2466 'eundem
691 2371 758 2446 eise
772 2369 842 2445 sen·

201 2470 273 2546 sum
292 2473 420 2546 secutos
434 2522 444 2554 ,
460 2496 559 2572 quem
578 2480 617 2547 δε
637 2472 770 2571 Regina
789 2493 842 2542 ut·

203 2573 297 2643 bium
316 2575 428 2643 Roma
443 2570 648 2672 sequebatut.
675 2576 783 2668 Atque
799 2568 840 2640 da

201 2667 267 2738 hoc
285 2666 359 2764 ipso
376 2673 452 2744 cum
469 2670 660 2774 loquetetur
679 2669 838 2768 antiquus,
